@INPROCEEDINGS{asurPredicting,
  author={S. {Asur} and B. A. {Huberman}},
  booktitle={2010 IEEE/WIC/ACM International Conference on Web Intelligence and Intelligent Agent Technology}, 
  title={Predicting the Future with Social Media}, 
  year={2010},
  volume={1},
  number={},
  pages={492-499}}

@article{himelboimBirds,
author = {Himelboim, Itai and Mccreery, Stephen and Smith, Marc},
year = {2013},
month = {01},
pages = {40-60},
title = {Birds of a Feather Tweet Together: Integrating Network and Content Analyses to Examine Cross-Ideology Exposure on Twitter},
volume = {18},
journal = {JOURNAL OF COMPUTER-MEDIATED COMMUNICATION},
doi = {10.1111/jcc4.12001}
}

@article{khardeSentiment,
author = {Kharde, Vishal and Sonawane, Sheetal},
year = {2016},
month = {04},
pages = {5-15},
title = {Sentiment Analysis of Twitter Data: A Survey of Techniques},
volume = {139},
journal = {International Journal of Computer Applications},
doi = {10.5120/ijca2016908625}
}

@INPROCEEDINGS{nausheenSentiment,
  author={F. {Nausheen} and S. H. {Begum}},
  booktitle={2018 2nd International Conference on Inventive Systems and Control (ICISC)}, 
  title={Sentiment analysis to predict election results using Python}, 
  year={2018},
  volume={},
  number={},
  pages={1259-1262},
  doi={10.1109/ICISC.2018.8399007}
}

@inproceedings{stefanovPredicting,
    title = "Predicting the Topical Stance and Political Leaning of Media using Tweets",
    author = "Stefanov, Peter  and
      Darwish, Kareem  and
      Atanasov, Atanas  and
      Nakov, Preslav",
    booktitle = "Proceedings of the 58th Annual Meeting of the Association for Computational Linguistics",
    month = jul,
    year = "2020",
    address = "Online",
    publisher = "Association for Computational Linguistics",
    url = "https://www.aclweb.org/anthology/2020.acl-main.50",
    doi = "10.18653/v1/2020.acl-main.50",
    pages = "527--537",
}

@article{davidUtilizing,
author = {David, Esther and Zhitomirsky-Geffet, Maayan and Koppel, Moshe and Uzan, Hodaya},
year = {2016},
month = {09},
pages = {610-623},
title = {Utilizing Facebook pages of the political parties to automatically predict the political orientation of Facebook users},
volume = {40},
journal = {Online Information Review},
doi = {10.1108/OIR-09-2015-0308}
}

chungCan
@inproceedings{chungCan,
  author    = {Jessica Elan Chung and
               Eni Mustafaraj},
  editor    = {Wolfram Burgard and
               Dan Roth},
  title     = {Can Collective Sentiment Expressed on Twitter Predict Political Elections?},
  booktitle = {Proceedings of the Twenty-Fifth {AAAI} Conference on Artificial Intelligence,
               {AAAI} 2011, San Francisco, California, USA, August 7-11, 2011},
  publisher = {{AAAI} Press},
  year      = {2011},
  url       = {http://www.aaai.org/ocs/index.php/AAAI/AAAI11/paper/view/3549},
  timestamp = {Tue, 09 Aug 2011 08:42:18 +0200},
  biburl    = {https://dblp.org/rec/conf/aaai/ChungM11.bib},
  bibsource = {dblp computer science bibliography, https://dblp.org}
}

@article{maynardAutomatic,
author = {Maynard, Diana and Funk, Adam},
year = {2011},
month = {05},
pages = {88-99},
title = {Automatic Detection of Political Opinions in Tweets},
volume = {718},
journal = {CEUR Workshop Proceedings},
doi = {10.1007/978-3-642-25953-1_8}
}

@article{mantovaniAnEmperical,
  author    = {Rafael Gomes Mantovani and
               Tom{\'{a}}s Horv{\'{a}}th and
               Ricardo Cerri and
               Sylvio Barbon Junior and
               Joaquin Vanschoren and
               Andr{\'{e}} Carlos Ponce de Leon Ferreira de Carvalho},
  title     = {An empirical study on hyperparameter tuning of decision trees},
  journal   = {CoRR},
  volume    = {abs/1812.02207},
  year      = {2018},
  url       = {http://arxiv.org/abs/1812.02207},
  archivePrefix = {arXiv},
  eprint    = {1812.02207},
  timestamp = {Tue, 01 Jan 2019 15:01:25 +0100},
  biburl    = {https://dblp.org/rec/journals/corr/abs-1812-02207.bib},
  bibsource = {dblp computer science bibliography, https://dblp.org}
}

@manual{pewresearch,
  organization = {Pew Research Center, Washington D. C.},
  title  = {In a Politically Polarized Era, Sharp Divides in Both Partisan Coalitions},
  note   = "found at {https://www.pewresearch.org/politics/2019/12/17/in-a-politically-polarized-era-sharp-divides-in-both-partisan-coalitions}",
  year   = {2019}
}

@book{khunApplied,
  author         = {Max Kuhn and  Kjell Johnson},
  title          = {Applied Predictive Modeling},
  publisher      = {Springer Science \& Business Media},
  year           = {2013}
}